% new language
@article{palkar2017weld,
    title = {Weld: Rethinking the Interface Between Data-Intensive Applications},
    author = {Palkar, Shoumik and Thomas, James and Narayanan, Deepak and Shanbhag, Anil and Palamuttam, Rahul and Pirk, Holger and Schwarzkopf, Malte and Amarasinghe, Saman and Madden, Samuel and Zaharia, Matei},
    journal = {arXiv preprint arXiv:1709.06416},
    year = {2017}
}
% new language end